<record><leader>00000cas a22000007a 4500</leader><controlfield tag="001">28486818</controlfield><controlfield tag="008">930722d19211922okuwr ne      0    0eng d</controlfield><controlfield tag="009">15907</controlfield><datafield ind1=" " ind2=" " tag="010"><subfield code="a">sn 93066112 </subfield></datafield><datafield ind1=" " ind2=" " tag="040"><subfield code="a">OBN</subfield><subfield code="b">eng</subfield><subfield code="c">OBN</subfield><subfield code="d">OCL</subfield><subfield code="d">OCLCQ</subfield></datafield><datafield ind1="1" ind2=" " tag="029"><subfield code="a">AU@</subfield><subfield code="b">000025885615</subfield></datafield><datafield ind1=" " ind2=" " tag="042"><subfield code="a">msc</subfield></datafield><datafield ind1="0" ind2="0" tag="245"><subfield code="a">Albion union advocate.</subfield></datafield><datafield ind1=" " ind2=" " tag="260"><subfield code="a">Albion, Pushmataha County, Okla. :</subfield><subfield code="b">E. Andres and J.S. Allen</subfield></datafield><datafield ind1=" " ind2=" " tag="300"><subfield code="a">v.</subfield></datafield><datafield ind1=" " ind2=" " tag="310"><subfield code="a">Weekly</subfield></datafield><datafield ind1="0" ind2=" " tag="362"><subfield code="a">Vol. 1, no. 1 (Nov. 4, 1921)-v. 1, no. 50 (Oct. 13, 1922).</subfield></datafield><datafield ind1=" " ind2="4" tag="651"><subfield code="a">Albion (Okla.)</subfield><subfield code="v">Newspapers.</subfield></datafield><datafield ind1=" " ind2="4" tag="651"><subfield code="a">Pushmataha County (Okla.)</subfield><subfield code="v">Newspapers.</subfield></datafield><datafield ind1=" " ind2=" " tag="752"><subfield code="a">United States</subfield><subfield code="b">Oklahoma</subfield><subfield code="c">Pushmataha</subfield><subfield code="d">Albion.</subfield></datafield><datafield ind1="0" ind2="0" tag="785"><subfield code="t">Albion advocate (Albion, Okla. : 1922)</subfield><subfield code="w">(DLC)sn 93066113</subfield><subfield code="w">(OCoLC)28486878</subfield></datafield></record>